@article{adorf_1988_supervised,
  author = {Adorf, H. -M. and Meurs, E. J. A.},
  pages = {315-322},
  title = {Supervised and unsupervised classification — The case of IRAS point sources},
  url = {http://adsabs.harvard.edu/abs/1988LNP...310..315A},
  urldate = {2019-12-05},
  year = {1988},
  journal = {Large-Scale Structures in the Universe Observational and Analytical Methods}
}

@article{fayyad_1993_applying,
  author = {Fayyad, Usama M. and Doyle, Richard J. and Weir, W. Nick and Djorgovski, Stanislav},
  title = {Applying machine learning classification techniques to automate sky object cataloguing},
  url = {https://aip.scitation.org/doi/abs/10.1063/1.44408},
  year = {1993},
  journal = {AIP Conference Proceedings}
}

@article{abraham_2000_explorations,
  author = {Abraham, Roberto G. and Merrifield, Michael R.},
  month = {12},
  pages = {2835-2842},
  title = {Explorations in Hubble Space: A Quantitative Tuning Fork},
  urldate = {2019-12-05},
  volume = {120},
  year = {2000},
  journal = {The Astronomical Journal}
}

@article{delacalleja_2004_automated,
  author = {de la Calleja, Jorge and Fuentes, Olac},
  pages = {411-418},
  title = {Automated Classification of Galaxy Images},
  url = {https://link.springer.com/chapter/10.1007/978-3-540-30134-9_55},
  urldate = {2019-12-05},
  year = {2004},
  journal = {Lecture Notes in Computer Science}
}

@article{johnstone_2009_on,
  author = {Johnstone, Iain M. and Lu, Arthur Yu},
  month = {06},
  pages = {682-693},
  title = {On Consistency and Sparsity for Principal Components Analysis in High Dimensions},
  urldate = {2019-12-05},
  volume = {104},
  year = {2009},
  journal = {Journal of the American Statistical Association}
}

@article{conselice_2006_the,
  author = {Conselice, Christopher J.},
  month = {11},
  pages = {1389-1408},
  title = {The fundamental properties of galaxies and a new galaxy classification system},
  urldate = {2019-12-05},
  volume = {373},
  year = {2006},
  journal = {Monthly Notices of the Royal Astronomical Society}
}

@article{hampton_2017_using,
  author = {Hampton, E. J. and Medling, A. M. and Groves, B. and Kewley, L. and Dopita, M. and Davies, R. and Ho, I.-T. and Kaasinen, M. and Leslie, S. and Sharp, R. and Sweet, S. M. and Thomas, A. D. and Allen, J. and Bland-Hawthorn, J. and Brough, S. and Bryant, J. J. and Croom, S. and Goodwin, M. and Green, A. and Konstantantopoulos, I. S. and Lawrence, J. and López-Sánchez, Á. R. and Lorente, N. P. F. and McElroy, R. and Owers, M. S. and Richards, S. N. and Shastri, P.},
  month = {06},
  pages = {3395-3416},
  title = {Using an artificial neural network to classify multicomponent emission lines with integral field spectroscopy from SAMI and S7},
  urldate = {2019-12-05},
  volume = {470},
  year = {2017},
  journal = {Monthly Notices of the Royal Astronomical Society}
}

@article{huertascompany_2010_revisiting,
  author = {Huertas-Company, M. and Aguerri, J. A. L. and Bernardi, M. and Mei, S. and Sánchez Almeida, J.},
  month = {12},
  pages = {A157},
  title = {Revisiting the Hubble sequence in the SDSS DR7 spectroscopic sample: a publicly available Bayesian automated classification},
  urldate = {2019-12-05},
  volume = {525},
  year = {2010},
  journal = {Astronomy & Astrophysics}
}

@article{huertascompany_2007_a,
  author = {Huertas-Company, M. and Rouan, D. and Tasca, L. and Soucail, G. and Le Fèvre, O.},
  month = {11},
  pages = {971-980},
  title = {A robust morphological classification of high-redshift galaxies using support vector machines on seeing limited images},
  urldate = {2019-12-05},
  volume = {478},
  year = {2007},
  journal = {Astronomy & Astrophysics}
}

@article{hocking_2017_an,
  author = {Hocking, Alex and Geach, James E. and Sun, Yi and Davey, Neil},
  month = {09},
  pages = {1108-1129},
  title = {An automatic taxonomy of galaxy morphology using unsupervised machine learning},
  urldate = {2019-12-05},
  volume = {473},
  year = {2017},
  journal = {Monthly Notices of the Royal Astronomical Society}
}

@misc{khalifanoureldeenm_2017_deep,
  author = {Khalifa, Nour Eldeen M and Hamed, Mohamed and Hassanien, Aboul Ella and M, Selim I},
  title = {Deep Galaxy: Classification of Galaxies based on Deep Convolutional Neural Networks},
  url = {https://arxiv.org/abs/1709.02245},
  urldate = {2019-12-05},
  year = {2017}
}

@article{schutter_2015_galaxy,
  author = {Schutter, A. and Shamir, L.},
  month = {09},
  pages = {60-66},
  title = {Galaxy morphology — An unsupervised machine learning approach},
  urldate = {2019-08-12},
  volume = {12},
  year = {2015},
  journal = {Astronomy and Computing}
}

@article{kim_2016_stargalaxy,
  author = {Kim, Edward J. and Brunner, Robert J.},
  month = {10},
  pages = {4463-4475},
  title = {Star–galaxy classification using deep convolutional neural networks},
  url = {https://academic.oup.com/mnras/article/464/4/4463/2417400},
  volume = {464},
  year = {2016},
  journal = {Monthly Notices of the Royal Astronomical Society}
}

@article{aniyan_2017_classifying,
  author = {Aniyan, A. K. and Thorat, K.},
  month = {06},
  pages = {20},
  title = {Classifying Radio Galaxies with the Convolutional Neural Network},
  urldate = {2019-12-05},
  volume = {230},
  year = {2017},
  journal = {The Astrophysical Journal Supplement Series}
}

@article{banerji_2010_galaxy,
  author = {Banerji, Manda and Lahav, Ofer and Lintott, Chris J. and Abdalla, Filipe B. and Schawinski, Kevin and Bamford, Steven P. and Andreescu, Dan and Murray, Phil and Raddick, M. Jordan and Slosar, Anze and Szalay, Alex and Thomas, Daniel and Vandenberg, Jan},
  month = {04},
  pages = {342-353},
  title = {Galaxy Zoo: reproducing galaxy morphologies via machine learning★},
  urldate = {2019-05-18},
  volume = {406},
  year = {2010},
  journal = {Monthly Notices of the Royal Astronomical Society}
}

@article{lintott_2008_galaxy,
  author = {Lintott, Chris J. and Schawinski, Kevin and Slosar, Anže and Land, Kate and Bamford, Steven and Thomas, Daniel and Raddick, M. Jordan and Nichol, Robert C. and Szalay, Alex and Andreescu, Dan and Murray, Phil and Vandenberg, Jan},
  month = {09},
  pages = {1179-1189},
  title = {Galaxy Zoo: morphologies derived from visual inspection of galaxies from the Sloan Digital Sky Survey★},
  urldate = {2019-12-05},
  volume = {389},
  year = {2008},
  journal = {Monthly Notices of the Royal Astronomical Society}
}

@article{abdelaziz_2018_galaxies,
  author = {Abd Elaziz, Mohamed and Hosny, Khalid M. and Selim, I. M.},
  month = {09},
  pages = {9573-9583},
  title = {Galaxies image classification using artificial bee colony based on orthogonal Gegenbauer moments},
  urldate = {2019-12-05},
  volume = {23},
  year = {2018},
  journal = {Soft Computing}
}