@ARTICLE{LSST,
       author = {{Bosch}, James and {Armstrong}, Robert and {Bickerton}, Steven and
         {Furusawa}, Hisanori and {Ikeda}, Hiroyuki and {Koike}, Michitaro and
         {Lupton}, Robert and {Mineo}, Sogo and {Price}, Paul and
         {Takata}, Tadafumi and {Tanaka}, Masayuki and {Yasuda}, Naoki and
         {AlSayyad}, Yusra and {Becker}, Andrew C. and {Coulton}, William and
         {Coupon}, Jean and {Garmilla}, Jose and {Huang}, Song and
         {Krughoff}, K. Simon and {Lang}, Dustin and {Leauthaud}, Alexie and
         {Lim}, Kian-Tat and {Lust}, Nate B. and {MacArthur}, Lauren A. and {Mand
        elbaum}, Rachel and {Miyatake}, Hironao and {Miyazaki}, Satoshi and
         {Murata}, Ryoma and {More}, Surhud and {Okura}, Yuki and
         {Owen}, Russell and {Swinbank}, John D. and {Strauss}, Michael A. and
         {Yamada}, Yoshihiko and {Yamanoi}, Hitomi},
        title = "{The Hyper Suprime-Cam software pipeline}",
      journal = {\pasj},
     keywords = {methods: data analysis, surveys, techniques: image processing, Astrophysics - Instrumentation and Methods for Astrophysics},
         year = 2018,
        month = jan,
       volume = {70},
          eid = {S5},
        pages = {S5},
          doi = {10.1093/pasj/psx080},
archivePrefix = {arXiv},
       eprint = {1705.06766},
 primaryClass = {astro-ph.IM},
       adsurl = {https://ui.adsabs.harvard.edu/abs/2018PASJ...70S...5B},
      adsnote = {Provided by the SAO/NASA Astrophysics Data System}
}
